@misc{SoftwarerebelsHanselGretel2021,
  title = {Software-Rebels/Hansel\_and\_gretel},
  year = {2021},
  month = feb,
  abstract = {Tools for detecting and removing anti-patterns in Travis CI specification (.travis.yml) files.},
  howpublished = {Software Repository Excavation and Build Engineering Labs},
  keywords = {anti-patterns,best-practices,continuous-integration,developer-tools}
}

@misc{GitHubWelcomesAll2017,
  title = {{{GitHub}} Welcomes All {{CI}} Tools},
  year = {2017},
  month = nov,
  abstract = {Continuous Integration (CI) tools help you stick to your team's quality standards by running tests every time you push a new commit and reporting the results to a pull request. Combined with continuous delivery (CD)},
  file = {/home/philip/Zotero/storage/UKBIF84H/2017-11-07-github-welcomes-all-ci-tools.html},
  journal = {The GitHub Blog},
  language = {en-US}
}


@misc{TravisCITest,
  title = {Travis {{CI}} - {{Test}} and {{Deploy Your Code}} with {{Confidence}}},
  file = {/home/philip/Zotero/storage/KPVMICI9/travis-ci.org.html},
  howpublished = {https://travis-ci.org/}
}





